@book{Alto2023,
  author    = {Valentina Alto},
  title     = {Modern Generative AI with ChatGPT and OpenAI Models: Leverage the capabilities of OpenAI's LLM for productivity and innovation with GPT-3 and GPT-4},
  publisher = {Packt Publishing Ltd},
  year      = {2023}
}

@article{Weegar2022,
  author  = {Rebecka Weegar and Peter Idestam-Almquist},
  title   = {Reducing Workload in Short Answer Grading Using Machine Learning},
  journal = {International Journal of Artificial Intelligence in Education},
  volume  = {32},
  pages   = {611--643},
  year    = {2022},
  url     = {https://link.springer.com/article/10.1007/s40593-022-00322-1}
}

@article{Liu2023,
  author  = {Tianyi Liu and Julia Chatain and Laura Kobel-Keller and Gerd Kortemeyer and Thomas Willwacher and Mrinmaya Sachan},
  title   = {AI-assisted Automated Short Answer Grading of Handwritten University Level Mathematics Exams},
  journal = {arXiv preprint arXiv:2308.11728},
  year    = {2023},
  url     = {https://arxiv.org/abs/2308.11728}
}

@article{Kortemeyer2023,
  author  = {Gerd Kortemeyer},
  title   = {Toward {AI} grading of student problem solutions in introductory physics: A feasibility study},
  journal = {Physical Review Physics Education Research},
  volume  = {19},
  number  = {2},
  pages   = {020163},
  year    = {2023},
  url     = {https://journals.aps.org/prper/abstract/10.1103/PhysRevPhysEducRes.19.020163}
}

@article{Kortemeyer2023b,
  author  = {Gerd Kortemeyer and Julian Noh and Daria Onishchuk},
  title   = {Grading Assistance for a Handwritten Thermodynamics Exam using Artificial Intelligence: An Exploratory Study},
  journal = {arXiv preprint arXiv:2306.17859},
  year    = {2023},
  url     = {https://arxiv.org/abs/2306.17859}
}

@article{Tossell2023,
  author  = {Chad C. Tossell and Nathan L. Tenhundfeld and Ali Momen and Katrina Cooley and Ewart J. de Visser},
  title   = {Student Perceptions of ChatGPT Use in a College Essay Assignment: Implications for Learning, Grading, and Trust in Artificial Intelligence},
  journal = {IEEE Transactions on Education},
  year    = {2023},
  doi     = {10.1109/TE.2023.3274590},
  url     = {https://ieeexplore.ieee.org/document/10120620}
}

@article{Chen2020,
  author  = {Li Chen and Gang Chen and Xiaodong Lin},
  title   = {Artificial intelligence in education: A review},
  journal = {IEEE Access},
  volume  = {8},
  pages   = {75264--75278},
  year    = {2020},
  doi     = {10.1109/ACCESS.2020.2988510}
}

@techreport{Luckin2016,
  author      = {Rosemary Luckin and Wayne Holmes and Mark Griffiths and Laurie Brooks Forcier},
  title       = {Intelligence Unleashed: An Argument for {AI} in Education},
  institution = {Pearson Education},
  year        = {2016},
  url         = {https://www.pearson.com/content/dam/one-dot-com/one-dot-com/global/Files/about-pearson/innovation/Intelligence-Unleashed-Publication.pdf}
}

@article{Zawacki2019,
  author  = {Olaf Zawacki-Richter and Victoria I. Mar{\'\i}n and Melissa Bond and Franziska Gouverneur},
  title   = {Systematic review of research on artificial intelligence applications in higher education -- where are the educators?},
  journal = {International Journal of Educational Technology in Higher Education},
  volume  = {16},
  number  = {1},
  pages   = {39},
  year    = {2019},
  doi     = {10.1186/s41239-019-0171-0}
}

@article{Mehrabi2021,
  author  = {Ninareh Mehrabi and Fred Morstatter and Nripsuta Saxena and Kristina Lerman and Aram Galstyan},
  title   = {A Survey on Bias and Fairness in Machine Learning},
  journal = {ACM Computing Surveys},
  volume  = {54},
  number  = {6},
  pages   = {1--35},
  year    = {2021},
  doi     = {10.1145/3457607}
}

@article{Konnecke2020,
  author  = {Robert K{\"o}nnecke and Torsten Zesch},
  title   = {Automated scoring of content and style in short essays},
  journal = {Frontiers in Education},
  volume  = {5},
  pages   = {90},
  year    = {2020},
  doi     = {10.3389/feduc.2020.00090}
}

@article{Nicol2006,
  author  = {David J. Nicol and Debra Macfarlane‐Dick},
  title   = {Formative assessment and self‐regulated learning: A model and seven principles of good feedback practice},
  journal = {Studies in Higher Education},
  volume  = {31},
  number  = {2},
  pages   = {199--218},
  year    = {2006},
  doi     = {10.1080/03075070600572090}
}

@article{Lund2023,
  author  = {Benjamin D. Lund and Daniel Wang and Kyle Chao and Matthew S. Gerber},
  title   = {ChatGPT's ability to provide timely, novel, and impactful ideas for research},
  journal = {arXiv preprint arXiv:2305.06566},
  year    = {2023},
  url     = {https://arxiv.org/abs/2305.06566}
}

@misc{FERPA1974,
  title        = {The Family Educational Rights and Privacy Act (FERPA)},
  howpublished = {Pub. L. No. 93-380 (1974), codified as 20 U.S.C. § 1232g and 34 CFR Part 99},
  year         = {1974},
  url          = {https://www.govinfo.gov/content/pkg/USCODE-2023-title20/pdf/USCODE-2023-title20-chap31-subchapIII-part4-sec1232g.pdf}
}

% ================== Tools / libraries used ==================

@misc{tesseract,
  title        = {Tesseract OCR},
  organization = {Tesseract OCR Developers},
  year         = {2025},
  howpublished = {\url{https://github.com/tesseract-ocr/tesseract}},
  urldate      = {2025-08-08},
  note         = {Open-source OCR engine}
}

@misc{ghostscript,
  title        = {Ghostscript},
  organization = {Artifex Software, Inc.},
  year         = {2025},
  howpublished = {\url{https://ghostscript.com/}},
  urldate      = {2025-08-08},
  note         = {PostScript/PDF interpreter}
}

@misc{pdfpig,
  title        = {UglyToad PdfPig},
  organization = {UglyToad},
  year         = {2025},
  howpublished = {\url{https://github.com/UglyToad/PdfPig}},
  urldate      = {2025-08-08},
  note         = {.NET PDF reading library}
}

@misc{skiasharp,
  title        = {SkiaSharp},
  organization = {.NET Foundation},
  year         = {2025},
  howpublished = {\url{https://github.com/mono/SkiaSharp}},
  urldate      = {2025-08-08},
  note         = {.NET 2D graphics library (Skia bindings)}
}

@misc{openai-gpt4o,
  title        = {OpenAI GPT-4o and GPT-4o Vision},
  organization = {OpenAI},
  year         = {2025},
  howpublished = {\url{https://platform.openai.com/docs/overview}},
  urldate      = {2025-08-08},
  note         = {Multimodal LLM used for grouping/vision}
}

@misc{gradescope,
  title        = {Gradescope},
  organization = {Turnitin, LLC},
  year         = {2025},
  howpublished = {\url{https://www.gradescope.com/}},
  urldate      = {2025-08-10},
  note         = {Online grading platform; fixed-template paper exams and Answer Groups}
}

@misc{crowdmark,
  title        = {Crowdmark},
  organization = {Crowdmark Inc.},
  year         = {2025},
  howpublished = {\url{https://crowdmark.com/}},
  urldate      = {2025-08-10},
  note         = {Collaborative grading and assessment for paper and online exams}
}

@misc{akindi,
  title        = {Akindi},
  organization = {Akindi Inc.},
  year         = {2025},
  howpublished = {\url{https://www.akindi.com/}},
  urldate      = {2025-08-10},
  note         = {OMR bubble-sheet creation and scanning}
}

@misc{zipgrade,
  title        = {ZipGrade},
  organization = {ZipGrade LLC},
  year         = {2025},
  howpublished = {\url{https://www.zipgrade.com/}},
  urldate      = {2025-08-10},
  note         = {Mobile multiple-choice scanning and analytics}
}

@misc{canvas-speedgrader,
  title        = {Canvas SpeedGrader},
  organization = {Instructure, Inc.},
  year         = {2025},
  howpublished = {\url{https://www.instructure.com/canvas}},
  urldate      = {2025-08-10},
  note         = {LMS grading workflow with rubrics and annotations}
}

@misc{prairielearn,
  title        = {PrairieLearn},
  organization = {PrairieLearn},
  year         = {2025},
  howpublished = {\url{https://www.prairielearn.org/}},
  urldate      = {2025-08-10},
  note         = {Autograded, parameterized questions for STEM}
}

@misc{mobius,
  title        = {M{\"o}bius},
  organization = {DigitalEd},
  year         = {2025},
  howpublished = {\url{https://www.digitaled.com/mobius/}},
  urldate      = {2025-08-10},
  note         = {Algorithmic assessment and math engine-based autograding}
}

@misc{coderunner,
  title        = {CodeRunner},
  organization = {University of Canterbury},
  year         = {2025},
  howpublished = {\url{https://coderunner.org.nz/}},
  urldate      = {2025-08-10},
  note         = {Programming question autograder (often used via Moodle plugin)}
}

@misc{codegrade,
  title        = {CodeGrade},
  organization = {CodeGrade B.V.},
  year         = {2025},
  howpublished = {\url{https://www.codegrade.com/}},
  urldate      = {2025-08-10},
  note         = {Code autograding and rubric workflows}
}

@misc{examsoft,
  title        = {ExamSoft},
  organization = {ExamSoft Worldwide LLC},
  year         = {2025},
  howpublished = {\url{https://examsoft.com/}},
  urldate      = {2025-08-10},
  note         = {Secure assessment and rubric-based grading}
}
