@Book{Alto2023,
  author    = {Valentina Alto},
  publisher = {Packt Publishing Ltd},
  title     = {Modern Generative AI with ChatGPT and OpenAI Models: Leverage the capabilities of OpenAI's LLM for productivity and innovation with GPT3 and GPT4},
  year      = {2023},
}

@Article{Weegar2022,
  author  = {Weegar, Rebecka and Idestam-Almquist, Peter},
  title   = {Reducing Workload in Short Answer Grading Using Machine Learning},
  journal = {International Journal of Artificial Intelligence in Education},
  volume  = {32},
  pages   = {611--643},
  year    = {2022},
  url     = {https://link.springer.com/article/10.1007/s40593-022-00322-1},
}

@Article{Liu2023,
  author  = {Liu, Tianyi and Chatain, Julia and Kobel-Keller, Laura and Kortemeyer, Gerd and Willwacher, Thomas and Sachan, Mrinmaya},
  title   = {AI-assisted Automated Short Answer Grading of Handwritten University Level Mathematics Exams},
  journal = {arXiv preprint arXiv:2308.11728},
  year    = {2023},
  url     = {https://arxiv.org/abs/2308.11728},
}

@Article{Kortemeyer2023,
  author  = {Kortemeyer, Gerd},
  title   = {Toward AI grading of student problem solutions in introductory physics: A feasibility study},
  journal = {Physical Review Physics Education Research},
  volume  = {19},
  number  = {2},
  pages   = {020163},
  year    = {2023},
  url     = {https://journals.aps.org/prper/abstract/10.1103/PhysRevPhysEducRes.19.020163},
}

@Article{Kortemeyer2023b,
  author  = {Kortemeyer, Gerd and Noh, Julian and Onishchuk, Daria},
  title   = {Grading Assistance for a Handwritten Thermodynamics Exam using Artificial Intelligence: An Exploratory Study},
  journal = {arXiv preprint arXiv:2306.17859},
  year    = {2023},
  url     = {https://arxiv.org/abs/2306.17859},
}

@Article{Tossell2023,
  author  = {Tossell, Chad C. and Tenhundfeld, Nathan L. and Momen, Ali and Cooley, Katrina and de Visser, Ewart J.},
  title   = {Student Perceptions of ChatGPT Use in a College Essay Assignment: Implications for Learning, Grading, and Trust in Artificial Intelligence},
  journal = {IEEE Transactions on Education},
  year    = {2023},
  doi     = {10.1109/TE.2023.3274590},
  url     = {https://ieeexplore.ieee.org/document/10120620},
}

@Article{Chen2020,
  author  = {Chen, Li and Chen, Gang and Lin, Xiaodong},
  title   = {Artificial intelligence in education: A review},
  journal = {IEEE Access},
  volume  = {8},
  pages   = {75264--75278},
  year    = {2020},
  doi     = {10.1109/ACCESS.2020.2988510},
}

@Article{Luckin2016,
  author  = {Luckin, Rosemary and Holmes, Wayne and Griffiths, Mark and Forcier, Laurie Brooks},
  title   = {Intelligence unleashed: An argument for AI in education},
  journal = {Pearson Education},
  year    = {2016},
  url     = {https://www.pearson.com/content/dam/one-dot-com/one-dot-com/global/Files/about-pearson/innovation/Intelligence-Unleashed-Publication.pdf},
}

@Article{Zawacki2021,
  author  = {Zawacki-Richter, Olaf and Marín, Victoria I. and Bond, Melissa and Gouverneur, Franziska},
  title   = {Systematic review of research on artificial intelligence applications in higher education – where are the educators?},
  journal = {International Journal of Educational Technology in Higher Education},
  volume  = {16},
  number  = {1},
  pages   = {39},
  year    = {2019},
  doi     = {10.1186/s41239-019-0171-0},
}

@Article{Mehrabi2021,
  author  = {Mehrabi, Ninareh and Morstatter, Fred and Saxena, Nripsuta and Lerman, Kristina and Galstyan, Aram},
  title   = {A survey on bias and fairness in machine learning},
  journal = {ACM Computing Surveys (CSUR)},
  volume  = {54},
  number  = {6},
  pages   = {1--35},
  year    = {2021},
  doi     = {10.1145/3457607},
}

@Article{Konnecke2020,
  author  = {Könnecke, Robert and Zesch, Torsten},
  title   = {Automated scoring of content and style in short essays},
  journal = {Frontiers in Education},
  volume  = {5},
  pages   = {90},
  year    = {2020},
  doi     = {10.3389/feduc.2020.00090},
}

@Article{Nicol2006,
  author  = {Nicol, David J. and Macfarlane‐Dick, Debra},
  title   = {Formative assessment and self‐regulated learning: A model and seven principles of good feedback practice},
  journal = {Studies in Higher Education},
  volume  = {31},
  number  = {2},
  pages   = {199--218},
  year    = {2006},
  doi     = {10.1080/03075070600572090},
}

@Article{Lund2023,
  author  = {Lund, Benjamin D. and Wang, Daniel and Chao, Kyle and Gerber, Matthew S.},
  title   = {ChatGPT's ability to provide timely, novel, and impactful ideas for research},
  journal = {arXiv preprint arXiv:2305.06566},
  year    = {2023},
  url     = {https://arxiv.org/abs/2305.06566},
}

@misc{ferpa,
  howpublished = {Pub. L. No. 93-380 (1974), codified as 20 U.S.C. § 1232g and 34 CFR Part 99},
  title = {The Family Educational Rights and Privacy Act (FERPA)},
  year = {1974},
  url = {https://www.govinfo.gov/content/pkg/USCODE-2023-title20/pdf/USCODE-2023-title20-chap31-subchapIII-part4-sec1232g.pdf},
}

<<<<<<< HEAD
@Comment{jabref-meta: databaseType:bibtex;}
=======
@Comment{jabref-meta: databaseType:bibtex;}
>>>>>>> fab72f7 (Edited Proposal req)
